<record><leader>00000cas a22000007a 4500</leader><controlfield tag="001">23373478</controlfield><controlfield tag="008">910404d18771919pr wr ne      0    0spa d</controlfield><controlfield tag="009">9632</controlfield><datafield ind1=" " ind2=" " tag="010"><subfield code="a">sn 91099718 </subfield></datafield><datafield ind1=" " ind2=" " tag="040"><subfield code="a">PNN</subfield><subfield code="b">eng</subfield><subfield code="c">PNN</subfield></datafield><datafield ind1=" " ind2=" " tag="042"><subfield code="a">msc</subfield></datafield><datafield ind1="0" ind2=" " tag="130"><subfield code="a">Buscapie&#769; (San Juan, P.R. : 1877)</subfield></datafield><datafield ind1="0" ind2="3" tag="245"><subfield code="a">El Buscapie&#769;.</subfield></datafield><datafield ind1="1" ind2="0" tag="246"><subfield code="a">El Domingo</subfield></datafield><datafield ind1="1" ind2="0" tag="246"><subfield code="a">Don Domingo</subfield></datafield><datafield ind1=" " ind2=" " tag="260"><subfield code="a">San Juan, P.R. :</subfield><subfield code="b">Imprenta de Reguera,</subfield></datafield><datafield ind1=" " ind2=" " tag="300"><subfield code="a">v.</subfield></datafield><datafield ind1=" " ind2=" " tag="310"><subfield code="a">Weekly,</subfield><subfield code="b">&lt;Oct. 7, 1917-June 15, 1919&gt;</subfield></datafield><datafield ind1=" " ind2=" " tag="321"><subfield code="a">Daily,</subfield><subfield code="b">July 10, 1894-&lt;Dec. 30, 1896&gt;</subfield></datafield><datafield ind1=" " ind2=" " tag="321"><subfield code="a">Biweekly,</subfield><subfield code="b">Dec. 3, 1893-July 8, 1894</subfield></datafield><datafield ind1=" " ind2=" " tag="321"><subfield code="a">Weekly,</subfield><subfield code="b">April 1, 1877-Nov. 26, 1893</subfield></datafield><datafield ind1="0" ind2=" " tag="362"><subfield code="a">An&#771;o 1, Nu&#769;m. 1 (1 de abril de 1877)-</subfield></datafield><datafield ind1="1" ind2=" " tag="362"><subfield code="a">Ceased in June 1919?</subfield></datafield><datafield ind1=" " ind2=" " tag="500"><subfield code="a">&quot;Perio&#769;dico para todos&quot;.</subfield></datafield><datafield ind1=" " ind2=" " tag="500"><subfield code="a">Published as: El Domingo, July 15-Sept. 30, 1883; Don Domingo, Oct. 7-Nov. 25, 1883.</subfield></datafield><datafield ind1=" " ind2=" " tag="500"><subfield code="a">Printers varies.</subfield></datafield><datafield ind1=" " ind2=" " tag="515"><subfield code="a">Suspended with June 25, 1899 issue; resumed with Oct. 7, 1917 issue.</subfield></datafield><datafield ind1=" " ind2=" " tag="752"><subfield code="a">United States</subfield><subfield code="b">Puerto Rico</subfield><subfield code="d">San Juan.</subfield></datafield></record>